@misc{newton_cotes,
    title={Newton-Cotes Formulas},
    author={W Weissten, Eric},
    year={1995},
    month={05},
    day={25},
    url={https://archive.lib.msu.edu/crcmath/math/math/n/n080.htm},
    urldate={12-04-18}
}

@misc{weddle_slides,
    title={Weddle's Rule},
    author={Kiran, Effa},
    url={https://www.slideshare.net/effakiran3/presentation-topic-2-48469486},
    urldate={12-04-18}
}

@misc{general_quadrature,
    title={A General Quadrature Formula},
    url={https://nptel.ac.in/courses/122104018/node119.html},
    urldate={2018-12-04}
}

@article{booles_quadrature,
    title={NUMERICAL SOLUTION OF BOOLEâ€™S RULE IN NUMERICAL INTEGRATION BY USING GENERAL QUADRATURE FORMULA},
    author={P. V. Ubale},
    month={06},
    day={04},
    year={2012},
    publisher={The Bulletin of Society for Mathematical Services and Standards},
    doi={http://www.scipress.com/BSMaSS.2.1},
    urldate={2018-12-11}

}

@misc{booles_history,
url={https://www.revolvy.com/page/Boole%27s-rule},
urldate={2018-12-12}
}

@misc{calculator,
title={Numerical integration},
url={https://planetcalc.com/5494/},
urldate={2018-12-12}
}