@misc{newton_cotes,
    title={Newton-Cotes Formulas},
    author={W Weissten, Eric},
    year={1995},
    month={05},
    day={25},
    url={https://archive.lib.msu.edu/crcmath/math/math/n/n080.htm},
    urldate={12-04-18}
}

@misc{weddle_slides,
    title={Weddle's Rule},
    author={Kiran, Effa},
    url={https://www.slideshare.net/effakiran3/presentation-topic-2-48469486},
    urldate={12-04-18}
}

@misc{thomas_weddle,
    title={Thomas Weddle},
    publisher={Wikipedia.org},
    url={https://en.wikipedia.org/wiki/Thomas_Weddle},
    urldate={12-04-18}
}

@misc{general_quadrature,
    title={A General Quadrature Formula},
    url={https://nptel.ac.in/courses/122104018/node119.html},
    urldate={12-04-18}
}